<record><leader>00000cas a2200000 a 4500</leader><controlfield tag="001">18197014</controlfield><controlfield tag="008">880711d18771892lauwr ne      0   a0eng  </controlfield><controlfield tag="009">8528</controlfield><datafield ind1=" " ind2=" " tag="010"><subfield code="a">sn 88064555 </subfield></datafield><datafield ind1=" " ind2=" " tag="040"><subfield code="a">LNP</subfield><subfield code="b">eng</subfield><subfield code="c">LNP</subfield><subfield code="d">DLC</subfield><subfield code="d">OCLCF</subfield></datafield><datafield ind1=" " ind2=" " tag="012"><subfield code="l">a</subfield></datafield><datafield ind1="1" ind2=" " tag="022"><subfield code="a">2159-5607</subfield><subfield code="2">1</subfield></datafield><datafield ind1="1" ind2=" " tag="029"><subfield code="a">AU@</subfield><subfield code="b">000020516818</subfield></datafield><datafield ind1=" " ind2=" " tag="042"><subfield code="a">pcc</subfield><subfield code="a">nsdp</subfield></datafield><datafield ind1=" " ind2=" " tag="043"><subfield code="a">n-us-la</subfield></datafield><datafield ind1="0" ind2="0" tag="050"><subfield code="a">Newspaper</subfield></datafield><datafield ind1=" " ind2="0" tag="222"><subfield code="a">Feliciana sentinel</subfield></datafield><datafield ind1="0" ind2="0" tag="245"><subfield code="a">Feliciana sentinel.</subfield></datafield><datafield ind1=" " ind2=" " tag="260"><subfield code="a">St. Francisville, La. :</subfield><subfield code="b">S. Lambert</subfield></datafield><datafield ind1=" " ind2=" " tag="300"><subfield code="a">v.</subfield></datafield><datafield ind1=" " ind2=" " tag="310"><subfield code="a">Weekly</subfield></datafield><datafield ind1="0" ind2=" " tag="362"><subfield code="a">Vol. 2, no. 8 (Aug. 18, 1877)-</subfield></datafield><datafield ind1="1" ind2=" " tag="362"><subfield code="a">Ceased in 1892?</subfield></datafield><datafield ind1=" " ind2=" " tag="500"><subfield code="a">Official organ of West Feliciana Parish and the town of Bayou Sara.</subfield></datafield><datafield ind1=" " ind2=" " tag="500"><subfield code="a">Has occasional supplements. Issue for Dec. 12, 1878 has title: Extra Feliciana sentinel.</subfield></datafield><datafield ind1=" " ind2=" " tag="530"><subfield code="a">Archived issues are available in digital format as part of the Library of Congress Chronicling America online collection.</subfield></datafield><datafield ind1=" " ind2="0" tag="651"><subfield code="a">Saint Francisville (La.)</subfield><subfield code="v">Newspapers.</subfield></datafield><datafield ind1=" " ind2="0" tag="651"><subfield code="a">Bayou Sara (La.)</subfield><subfield code="v">Newspapers.</subfield></datafield><datafield ind1=" " ind2="0" tag="651"><subfield code="a">West Feliciana Parish (La.)</subfield><subfield code="v">Newspapers.</subfield></datafield><datafield ind1=" " ind2="7" tag="655"><subfield code="a">Newspapers.</subfield><subfield code="2">fast</subfield><subfield code="0">(OCoLC)fst01423814</subfield></datafield><datafield ind1=" " ind2="7" tag="651"><subfield code="a">Louisiana</subfield><subfield code="z">Bayou Sara.</subfield><subfield code="2">fast</subfield><subfield code="0">(OCoLC)fst01297040</subfield></datafield><datafield ind1=" " ind2="7" tag="651"><subfield code="a">Louisiana</subfield><subfield code="z">Saint Francisville.</subfield><subfield code="2">fast</subfield><subfield code="0">(OCoLC)fst01308187</subfield></datafield><datafield ind1=" " ind2="7" tag="651"><subfield code="a">Louisiana</subfield><subfield code="z">West Feliciana Parish.</subfield><subfield code="2">fast</subfield><subfield code="0">(OCoLC)fst01219825</subfield></datafield><datafield ind1=" " ind2=" " tag="752"><subfield code="a">United States</subfield><subfield code="b">Louisiana</subfield><subfield code="c">West Feliciana</subfield><subfield code="d">Saint Francisville.</subfield></datafield><datafield ind1=" " ind2=" " tag="752"><subfield code="a">United States</subfield><subfield code="b">Louisiana</subfield><subfield code="c">West Feliciana</subfield><subfield code="d">Bayou Sara.</subfield></datafield><datafield ind1="0" ind2="0" tag="780"><subfield code="t">West Feliciana sentinel</subfield><subfield code="x">2159-5593</subfield><subfield code="w">(DLC)sn 88064554</subfield><subfield code="w">(OCoLC)18197003</subfield></datafield><datafield ind1="4" ind2="1" tag="856"><subfield code="u">http://www.loc.gov/chroniclingamerica/lccn/sn88064555/issues</subfield></datafield></record>